<?xml version="1.0" encoding="utf-8"?>
<record xmlns="http://www.loc.gov/MARC21/slim" xmlns:xsi="http://www.w3.org/2001/XMLSchema-instance" xsi:schemaLocation="http://www.loc.gov/MARC21/slim http://www.loc.gov/standards/marcxml/schema/MARC21slim.xsd">
	<leader>     nam a22     Mi 4500</leader>
	<controlfield tag="001">b12572226</controlfield>
	<controlfield tag="003">LeBAU</controlfield>
	<controlfield tag="006">m        d        </controlfield>
	<controlfield tag="007">cr cn |||m|||a</controlfield>
	<controlfield tag="008">190920s1946    ua acf  o     ||0 0 ara d</controlfield>
	<datafield ind1=" " ind2=" " tag="040">
		<subfield code="a">ZYU</subfield>
		<subfield code="b">ara</subfield>
		<subfield code="e">rda</subfield>
		<subfield code="c">ZYU</subfield>
	</datafield>
	<datafield ind1="0" ind2="4" tag="082">
		<subfield code="a">297.09</subfield>
		<subfield code="2">22</subfield>
	</datafield>
	<datafield ind1="0" ind2=" " tag="100">
		<subfield code="6">880-01</subfield>
		<subfield code="a">Jāḥiẓ,</subfield>
		<subfield code="d">-868 or 869,</subfield>
		<subfield code="e">author.</subfield>
	</datafield>
	<datafield ind1="1" ind2="0" tag="245">
		<subfield code="6">880-02</subfield>
		<subfield code="a">Raʼy Abī ʻUthmān ʻAmr ibn Baḥr al-Jāḥiẓ fī Muʻāwiyah wa-al-Umawīyīn /</subfield>
		<subfield code="c">risālah ʻuniya bi-nashrihā wa-ṣaḥḥaḥahā wa-katab hawāmishahā wa-tarjama li-muʼallifihā ʻIzzat al-ʻAṭṭār al-Ḥusaynī, muʼassis wa-mudīr Maktab Nashr al-Thaqāfah al-Islāmīyah min aqdam ʻuṣūrihā ilá al-ān.</subfield>
	</datafield>
	<datafield ind1=" " ind2="1" tag="264">
		<subfield code="6">880-03</subfield>
		<subfield code="a">[Miṣr] :</subfield>
		<subfield code="b">ʻIzzat al-ʻAṭṭār al-Ḥusaynī,</subfield>
		<subfield code="c">1946 M.</subfield>
	</datafield>
	<datafield ind1=" " ind2=" " tag="300">
		<subfield code="6">880-04</subfield>
		<subfield code="a">online resource (28 pages, 1 unnumbered leaf of plates) :</subfield>
		<subfield code="b">illustrations, portrait</subfield>
	</datafield>
	<datafield ind1=" " ind2=" " tag="336">
		<subfield code="a">text</subfield>
		<subfield code="2">rdacontent</subfield>
	</datafield>
	<datafield ind1=" " ind2=" " tag="337">
		<subfield code="a">computer</subfield>
		<subfield code="2">rdamedia</subfield>
	</datafield>
	<datafield ind1=" " ind2=" " tag="338">
		<subfield code="a">online resource</subfield>
		<subfield code="2">rdacarrier</subfield>
	</datafield>
	<datafield ind1=" " ind2=" " tag="500">
		<subfield code="a">Part of the Arabic Collections Online (ACO) project, contributed by American University of Beirut's Jafet Memorial Library.</subfield>
	</datafield>
	<datafield ind1=" " ind2=" " tag="533">
		<subfield code="a">Electronic reproduction.</subfield>
		<subfield code="b">New York, N.Y. :</subfield>
		<subfield code="c">New York University,</subfield>
		<subfield code="d">2019.</subfield>
		<subfield code="5">NNU</subfield>
	</datafield>
	<datafield ind1="0" ind2="4" tag="600">
		<subfield code="a">معاوية بن أبي سفيان،</subfield>
		<subfield code="c">الخليفة،</subfield>
		<subfield code="d">-680.</subfield>
	</datafield>
	<datafield ind1="0" ind2="0" tag="600">
		<subfield code="a">Muʻāwiyah ibn Abī Sufyān,</subfield>
		<subfield code="c">Caliph,</subfield>
		<subfield code="d">-680.</subfield>
	</datafield>
	<datafield ind1=" " ind2="4" tag="650">
		<subfield code="a">الأمويون.</subfield>
	</datafield>
	<datafield ind1=" " ind2="0" tag="650">
		<subfield code="a">Umayyad dynasty.</subfield>
	</datafield>
	<datafield ind1="1" ind2=" " tag="700">
		<subfield code="6">880-05</subfield>
		<subfield code="a">Ḥusaynī, ʻIzzat al-ʻAṭṭār,</subfield>
		<subfield code="e">compiler.</subfield>
	</datafield>
	<datafield ind1="2" ind2=" " tag="710">
		<subfield code="a">Jafet Memorial Library.</subfield>
	</datafield>
	<datafield ind1="0" ind2=" " tag="730">
		<subfield code="a">Arabic Collections Online.</subfield>
	</datafield>
	<datafield ind1="0" ind2="8" tag="776">
		<subfield code="i">Print version:</subfield>
		<subfield code="a">Jāḥiẓ, -868 or 869, author.</subfield>
		<subfield code="t">Raʼy Abī ʻUthmān ʻAmr ibn Baḥr al-Jāḥiẓ fī Muʻāwiyah wa-al-Umawīyīn</subfield>
		<subfield code="w">(LeBAU)b12572226</subfield>
	</datafield>
	<datafield ind1="4" ind2="0" tag="856">
		<subfield code="u">http://hdl.handle.net/2333.1/x0k6dt77</subfield>
	</datafield>
	<datafield ind1="0" ind2=" " tag="880">
		<subfield code="6">100-01</subfield>
		<subfield code="a">الجاحظ،</subfield>
		<subfield code="d">-868 أو 869،</subfield>
		<subfield code="e">مؤلف.</subfield>
		<subfield code="4">aut.</subfield>
	</datafield>
	<datafield ind1="1" ind2="0" tag="880">
		<subfield code="6">245-02</subfield>
		<subfield code="a">رأي أبي عثمان عمرو بن بحر الجاحظ في معاوية والأمويين /</subfield>
		<subfield code="c">رسالة عني بنشرها وصححها وكتب هوامشها وترجم لمؤلفها السيد عزت العطار الحسيني، مؤسس ومدير مكتب نشر الثقافة الإسلامية من أقدم عصورها الى الآن.</subfield>
	</datafield>
	<datafield ind1=" " ind2="1" tag="880">
		<subfield code="6">264-03</subfield>
		<subfield code="a">[مصر] :</subfield>
		<subfield code="b">عزت العطار الحسيني،</subfield>
		<subfield code="c">1365 هـ. = 1946 م.</subfield>
	</datafield>
	<datafield ind1=" " ind2=" " tag="880">
		<subfield code="6">300-04</subfield>
		<subfield code="a">28 صفحة،1 ورقة لوحات غير مرقمة :</subfield>
		<subfield code="b">مصورات، صورة شخصانية ؛</subfield>
		<subfield code="c">20 سم</subfield>
	</datafield>
	<datafield ind1="1" ind2=" " tag="880">
		<subfield code="6">700-05</subfield>
		<subfield code="a">الحسيني، عزت العطار،</subfield>
		<subfield code="e">معد.</subfield>
		<subfield code="4">com.</subfield>
	</datafield>
	<datafield ind1=" " ind2=" " tag="959">
		<subfield code="a">NNU</subfield>
		<subfield code="b">WEB</subfield>
		<subfield code="c">GENI</subfield>
		<subfield code="t">0</subfield>
		<subfield code="m">Electronic access</subfield>
		<subfield code="s">01</subfield>
	</datafield>
	<datafield ind1=" " ind2=" " tag="999">
		<subfield code="i">LeBAU_b12572226</subfield>
		<subfield code="s">aub_aco002840</subfield>
		<subfield code="e">(ERROR-MISC)</subfield>
		<subfield code="s">aub_aco002840</subfield>
	</datafield>
</record>
